% This file was created with JabRef 2.10.
% Encoding: Cp1252


@Article{IEEEexample:Georges2007,
  Title                    = {{S}tatistically {R}igorous {J}ava {P}erformance {E}valuation},
  Author                   = {Georges, Andy and Buytaert, Dries and Eeckhout, Lieven},
  Journal                  = {ACM SIGPLAN Notices},
  Year                     = {2007},
  Number                   = {10},
  Pages                    = {57--76},
  Volume                   = {42},

  Publisher                = {ACM}
}

